%% Created using Papers on Sat, 20 Dec 2014.
%% http://papersapp.com/papers/

@article{Harris:2007gv,
author = {Harris, Jared and Bromiley, Philip},
title = {{Incentives to Cheat: The Influence of Executive Compensation and Firm Performance on Financial Misrepresentation}},
journal = {dx.doi.org},
year = {2007},
volume = {18},
number = {3},
pages = {350--367},
month = jun
}

@article{Efendi:2007ja,
author = {Efendi, Jap and Srivastava, Anup and Swanson, Edward P},
title = {{Why do corporate managers misstate financial statements? The role of option compensation and other factors}},
journal = {Journal of Financial Economics},
year = {2007},
volume = {85},
number = {3},
pages = {667--708},
month = sep
}

@article{Beneish:2011hx,
author = {Beneish, Messod D},
title = {{Incentives and Penalties Related to Earnings Overstatements that Violate GAAP}},
journal = {dx.doi.org},
year = {2011},
volume = {74},
number = {4},
pages = {425--457},
month = sep
}

@article{ERICKSON:2006,
author = {Erickson, Merle and Hanlon, Michelle and Maydew, Edward L},
title = {{Is There a Link between Executive Equity Incentives and Accounting Fraud?}},
journal = {Journal of Accounting Research},
year = {2006},
volume = {44},
number = {1},
pages = {113--143},
month = mar
}

@article{Johnson:2009fp,
author = {Johnson, Shane A and Harley E Ryan, Jr and Tian, Yisong S},
title = {{Managerial Incentives and Corporate Fraud: The Sources of Incentives~Matter*}},
journal = {Review of Finance},
year = {2009},
volume = {13},
number = {1},
pages = {115--145},
month = jan
}

@article{Bergstresser:2006jl,
author = {Bergstresser, Daniel and Philippon, Thomas},
title = {{CEO incentives and earnings management}},
journal = {Journal of Financial Economics},
year = {2006},
volume = {80},
number = {3},
pages = {511--529},
month = jun
}

@article{Baber:2013cg,
author = {Baber, William R and Kang, Sok-Hyon and Liang, Lihong and Zhu, Zinan},
title = {{External Corporate Governance and Misreporting}},
journal = {SSRN Electronic Journal},
year = {2013},
month = nov
}

@article{Armstrong:2010jd,
author = {Armstrong, C and Jagolinzer, Alan D. and Larcker, David F},
title = {{Chief Executive Officer Equity Incentives and Accounting Irregularities}},
journal = {Journal of Accounting Research},
year = {2010},
volume = {48},
number = {2},
pages = {225--271},
month = may
}

@article{Healy:1985jg,
author = {Healy, Paul M},
title = {{The effect of bonus schemes on accounting decisions}},
year = {1985},
volume = {7},
number = {1-3},
pages = {85--107},
month = apr
}

@article{Burns:2006ce,
author = {Burns, Natasha and Kedia, Simi},
title = {{The impact of performance-based compensation on misreporting}},
journal = {Journal of Financial Economics},
year = {2006},
volume = {79},
number = {1},
pages = {35--67},
month = jan
}

@article{Cheng:2011fh,
author = {Cheng, Qiang and Warfield, Terry D},
title = {{Equity Incentives and Earnings Management}},
journal = {dx.doi.org},
year = {2011},
month = sep
}

@article{Dyck:2010kh,
author = {Dyck, Alexander and Morse, Adair and Zingales, Luigi},
title = {{Who Blows the Whistle on Corporate Fraud?}},
journal = {The Journal of Finance},
year = {2010},
volume = {65},
number = {6},
pages = {2213--2253},
month = nov
}

@article{Larcker:2011bw,
author = {Larcker, David F and Richardson, Scott A and Tuna, I rem},
title = {{Corporate Governance, Accounting Outcomes, and Organizational Performance}},
journal = {dx.doi.org},
year = {2011},
month = sep
}

