@article{Iliev:2010,
author = {Iliev, Peter},
title = {{The Effect of SOX Section 404: Costs, Earnings Quality, and Stock Prices}},
journal = {The Journal of Finance},
year = {2010},
volume = {65},
number = {3},
pages = {1163--1196},
month = jun
}

