@article{Iliev:2010,
author = {Iliev, Peter},
title = {{The Effect of SOX Section 404: Costs, Earnings Quality, and Stock Prices}},
journal = {The Journal of Finance},
year = {2010},
volume = {65},
number = {3},
pages = {1163--1196},
month = jun
}

@article{Soltes:2013ba,
author = {Soltes, Eugene},
title = {{Private Interaction Between Firm Management and Sell-Side Analysts}},
journal = {Journal of Accounting Research},
year = {2014},
volume = {52},
number = {1},
pages = {245--272},
month = mar
}
